@book{stefanov2010javascript,
  title={JavaScript Patterns},
  author={Stefanov, S.},
  isbn={9781449396947},
  url={http://books.google.de/books?id=WTZqecc9olUC},
  year={2010},
  publisher={O'Reilly Media}
}
